@techreport{munk1951origin,
  title={Origin and generation of waves},
  author={Munk, Walter H},
  year={1951},
  institution={SCRIPPS INSTITUTION OF OCEANOGRAPHY LA JOLLA CALIF}
}

@article{marchesiello2003equilibrium,
  title={Equilibrium structure and dynamics of the California Current System},
  author={Marchesiello, Patrick and McWilliams, James C and Shchepetkin, Alexander},
  journal={Journal of physical Oceanography},
  volume={33},
  number={4},
  pages={753--783},
  year={2003}
}

@article{echevarria2019seasonal,
  title={Seasonal Variability of the Global Spectral Wind Wave Climate},
  author={Echevarria, ER and Hemer, MA and Holbrook, NJ},
  journal={Journal of Geophysical Research: Oceans},
  volume={124},
  number={4},
  pages={2924--2939},
  year={2019},
  publisher={Wiley Online Library}
}

@article{villas2017characterization,
  title={Characterization of the deep water surface wave variability in the california current region},
  author={Villas B{\^o}as, Ana B and Gille, Sarah T and Mazloff, Matthew R and Cornuelle, Bruce D},
  journal={Journal of Geophysical Research: Oceans},
  volume={122},
  number={11},
  pages={8753--8769},
  year={2017},
  publisher={Wiley Online Library}
}

@article{chen2002global,
  title={A global view of swell and wind sea climate in the ocean by satellite altimeter and scatterometer},
  author={Chen, Ge and Chapron, Bertrand and Ezraty, Robert and Vandemark, Douglas},
  journal={Journal of Atmospheric and Oceanic Technology},
  volume={19},
  number={11},
  pages={1849--1859},
  year={2002}
}

@article{jiang2013global,
  title={A global view on the swell and wind sea climate by the Jason-1 mission: a revisit},
  author={Jiang, Haoyu and Chen, Ge},
  journal={Journal of Atmospheric and Oceanic Technology},
  volume={30},
  number={8},
  pages={1833--1841},
  year={2013}
}

@article{winant1988marine,
  title={The marine layer off northern California: An example of supercritical channel flow},
  author={Winant, CD and Dorman, CE and Friehe, CA and Beardsley, RC},
  journal={Journal of the Atmospheric Sciences},
  volume={45},
  number={23},
  pages={3588--3605},
  year={1988}
}

@incollection{chelton2001satellite,
  title={Satellite altimetry},
  author={Chelton, Dudley B and Ries, John C and Haines, Bruce J and Fu, Lee-Lueng and Callahan, Philip S},
  booktitle={International geophysics},
  volume={69},
  pages={1--ii},
  year={2001},
  publisher={Elsevier}
}
  
@article{cavaleri2012wind,
  title={Wind waves in the coupled climate system},
  author={Cavaleri, L and Fox-Kemper, B and Hemer, M},
  journal={Bulletin of the American Meteorological Society},
  volume={93},
  number={11},
  pages={1651--1661},
  year={2012},
  publisher={American Meteorological Society}
}

@book{ardhuin2015ocean,
author = {Ardhuin, Fabrice},
year = {2018},
month = {11},
pages = {},
title = {Ocean waves in geosciences},
doi = {10.13140/RG.2.2.16019.78888/5}
}

@article{peral2015impact,
  title={Impact of surface waves on SWOT’s projected ocean accuracy},
  author={Peral, Eva and Rodr{\'\i}guez, Ernesto and Esteban-Fern{\'a}ndez, Daniel},
  journal={Remote Sensing},
  volume={7},
  number={11},
  pages={14509--14529},
  year={2015},
  publisher={Multidisciplinary Digital Publishing Institute}
}

@book{talley2011descriptive,
  title={Descriptive physical oceanography: an introduction},
  author={Talley, Lynne D},
  year={2011},
  publisher={Academic press}
}

@article{schneider2014migrations,
  title={Migrations and dynamics of the intertropical convergence zone},
  author={Schneider, Tapio and Bischoff, Tobias and Haug, Gerald H},
  journal={Nature},
  volume={513},
  number={7516},
  pages={45},
  year={2014},
  publisher={Nature Publishing Group}
}

@techreport{Queffeulou2017Global,
author = {Pierre Queffeulou & Denis Croizé-Fillon},
title = {Global altimeter SWH data set},
series = {Technical Report}, 
volume = {2},
publisher = {IFREMER},
address = {ZI de la pointe du diable, CS10070, 29280 Plouzané, France},
year = {2017}
}

@article{Atlas2011Remote,
author = {Atlas, R. and R. N. Hoffman and J. Ardizzone and S. M. Leidner and J. C. Jusem and D. K. Smith and D. Gombos},
title = {A cross-calibrated, multiplatform ocean surface wind velocity product for meteorological and oceanographic applications},
year = {2011},
journal = {Bull. Amer. Meteor. Soc.},
volume = {92},
pages={157-174},
doi={10.1175/2010BAMS2946.1}
}

@article{snodgrass1966propagation,
  title={Propagation of ocean swell across the Pacific},
  author={Snodgrass, FE and Hasselmann, KF and Miller, GR and Munk, Walter Heinrich and Powers, WH},
  journal={Philosophical Transactions of the Royal Society of London. Series A, Mathematical and Physical Sciences},
  volume={259},
  number={1103},
  pages={431--497},
  year={1966},
  publisher={The Royal Society London}
}

@article{ardhuin2009observation,
  title={Observation of swell dissipation across oceans},
  author={Ardhuin, Fabrice and Chapron, Bertrand and Collard, Fabrice},
  journal={Geophysical Research Letters},
  volume={36},
  number={6},
  year={2009},
  publisher={Wiley Online Library}
}

@article{stopa2014intercomparison,
  title={Intercomparison of wind and wave data from the ECMWF Reanalysis Interim and the NCEP Climate Forecast System Reanalysis},
  author={Stopa, Justin E and Cheung, Kwok Fai},
  journal={Ocean Modelling},
  volume={75},
  pages={65--83},
  year={2014},
  publisher={Elsevier}
}

@article{semedo2011global,
  title={A global view on the wind sea and swell climate and variability from ERA-40},
  author={Semedo, Alvaro and Su{\v{s}}elj, Kay and Rutgersson, Anna and Sterl, Andreas},
  journal={Journal of Climate},
  volume={24},
  number={5},
  pages={1461--1479},
  year={2011}
}

@article{young1999seasonal,
  title={Seasonal variability of the global ocean wind and wave climate},
  author={Young, IR},
  journal={International Journal of Climatology: A Journal of the Royal Meteorological Society},
  volume={19},
  number={9},
  pages={931--950},
  year={1999},
  publisher={Wiley Online Library}
}

@article{young2011global,
  title={Global trends in wind speed and wave height},
  author={Young, IR and Zieger, S and Babanin, Alexander V},
  journal={Science},
  volume={332},
  number={6028},
  pages={451--455},
  year={2011},
  publisher={American Association for the Advancement of Science}
}

@article{zieger2009joint,
  title={Joint calibration of multiplatform altimeter measurements of wind speed and wave height over the past 20 years},
  author={Zieger, S and Vinoth, J and Young, IR},
  journal={Journal of Atmospheric and Oceanic Technology},
  volume={26},
  number={12},
  pages={2549--2564},
  year={2009}
}

@article{hanson2009pacific,
  title={Pacific hindcast performance of three numerical wave models},
  author={Hanson, Jeffrey L and Tracy, Barbara A and Tolman, Hendrik L and Scott, R Douglas},
  journal={Journal of Atmospheric and Oceanic Technology},
  volume={26},
  number={8},
  pages={1614--1633},
  year={2009}
}

@article{schott2009indian,
  title={Indian Ocean circulation and climate variability},
  author={Schott, Friedrich A and Xie, Shang-Ping and McCreary Jr, Julian P},
  journal={Reviews of Geophysics},
  volume={47},
  number={1},
  year={2009},
  publisher={Wiley Online Library}
}

@article{donelan1992growth,
  title={On the growth rate of wind-generated waves},
  author={Donelan, M and Skafel, M and Graber, H and Liu, P and Schwab, D and Venkatesh, S},
  journal={Atmosphere-Ocean},
  volume={30},
  number={3},
  pages={457--478},
  year={1992},
  publisher={Taylor \& Francis}
}

@article{taylor2008northerly,
  title={Northerly surface winds over the eastern North Pacific Ocean in spring and summer},
  author={Taylor, Stephen V and Cayan, Daniel R and Graham, Nicholas E and Georgakakos, Konstantine P},
  journal={Journal of Geophysical Research: Atmospheres},
  volume={113},
  number={D2},
  year={2008},
  publisher={Wiley Online Library}
}

@article{queffeulou2004long,
  title={Long-term validation of wave height measurements from altimeters},
  author={Queffeulou, Pierre},
  journal={Marine Geodesy},
  volume={27},
  number={3-4},
  pages={495--510},
  year={2004},
  publisher={Taylor \& Francis}
}

@article{atlas2011cross,
  title={A cross-calibrated, multiplatform ocean surface wind velocity product for meteorological and oceanographic applications},
  author={Atlas, Robert and Hoffman, Ross N and Ardizzone, Joseph and Leidner, S Mark and Jusem, Juan Carlos and Smith, Deborah K and Gombos, Daniel},
  journal={Bulletin of the American Meteorological Society},
  volume={92},
  number={2},
  pages={157--174},
  year={2011},
  publisher={American Meteorological Society}
}

@article{smith1992sea,
  title={Sea surface wind stress and drag coefficients: The HEXOS results},
  author={Smith, Stuart D and Anderson, Robert J and Oost, Wiebe A and Kraan, C and Maat, Nico and De Cosmo, Janice and Katsaros, Kristina B and Davidson, Kenneth L and Bumke, Karl and Hasse, Lutz and others},
  journal={Boundary-Layer Meteorology},
  volume={60},
  number={1-2},
  pages={109--142},
  year={1992},
  publisher={Springer}
}

@article{portilla2009spectral,
  title={Spectral partitioning and identification of wind sea and swell},
  author={Portilla, Jes{\'u}s and Ocampo-Torres, Francisco J and Monbaliu, Jaak},
  journal={Journal of atmospheric and oceanic technology},
  volume={26},
  number={1},
  pages={107--122},
  year={2009}
}

@article{alves2003revisiting,
  title={Revisiting the Pierson--Moskowitz asymptotic limits for fully developed wind waves},
  author={Alves, Jose Henrique GM and Banner, Michael L and Young, Ian R},
  journal={Journal of physical oceanography},
  volume={33},
  number={7},
  pages={1301--1323},
  year={2003}
}